@misc{ConnGenStat12-412,
  author       = {{Connecticut General Assembly}},
  title        = {Connecticut General Statutes, ยง 12-412},
  year         = {current as of 2025},
  note         = {Available at: \url{https://www.cga.ct.gov/current/pub/chap_219.htm} (Accessed: 8 January 2025)},
}


@online{EversourceEnergyTaxExemption,
  author       = {{Eversource Energy}},
  title        = {Massachusetts Energy Tax Exemption},
  year         = {2025},
  url          = {https://www.eversource.com/content/business/account-billing/manage-bill/about-your-bill/rates-tariffs/massachusetts-energy-tax-exemption#},
  note         = {Accessed: 8 January 2025}
}
